@book{Okasaki,
    title={{P}urely {F}unctional {D}ata {S}tructures},
    author={Chris Okasaki},
    year={1998},
    publisher={Cambridge University Press}
}
